<?xml version = "1.0" encoding = "UTF-8"?><record>
  <leader>01154naa#a2200325#c#4500</leader>
  <controlfield tag="005">20210408152223.0</controlfield>
  <controlfield tag="007">tu</controlfield>
  <controlfield tag="008">040216|2002####gw############|||#|#ger#c</controlfield>
  <controlfield tag="003">DE-605</controlfield>
  <controlfield tag="001">990124738110206441</controlfield>
  <datafield tag="035" ind1=" " ind2=" ">
    <subfield code="a">(DE-605)HT013925945</subfield>
  </datafield>
  <datafield tag="040" ind1=" " ind2=" ">
    <subfield code="a">6</subfield>
    <subfield code="b">ger</subfield>
    <subfield code="d">6</subfield>
    <subfield code="e">rakwb</subfield>
  </datafield>
  <datafield tag="041" ind1=" " ind2=" ">
    <subfield code="a">ger</subfield>
  </datafield>
  <datafield tag="044" ind1=" " ind2=" ">
    <subfield code="c">XA-DE</subfield>
  </datafield>
  <datafield tag="084" ind1=" " ind2=" ">
    <subfield code="a">B&#246;kenf&#246;rde</subfield>
    <subfield code="0">https://nwbib.de/spatial#Q1019826</subfield>
    <subfield code="2">nwbib</subfield>
  </datafield>
  <datafield tag="084" ind1=" " ind2=" ">
    <subfield code="a">Geschichte</subfield>
    <subfield code="0">https://nwbib.de/subjects#N240000</subfield>
    <subfield code="2">nwbib</subfield>
  </datafield>
  <datafield tag="084" ind1=" " ind2=" ">
    <subfield code="a">Kirchenbau. Kirchenausstattung</subfield>
    <subfield code="0">https://nwbib.de/subjects#N844030</subfield>
    <subfield code="2">nwbib</subfield>
  </datafield>
  <datafield tag="100" ind1="1" ind2=" ">
    <subfield code="a">Ketteler, Karl-Josef &lt;&lt;von&gt;&gt;</subfield>
    <subfield code="4">aut</subfield>
  </datafield>
  <datafield tag="245" ind1="1" ind2="0">
    <subfield code="a">Zur Kapellenrestaurierung in Schwarzenraben 2002</subfield>
    <subfield code="c">Karl-Josef von Ketteler</subfield>
  </datafield>
  <datafield tag="264" ind1=" " ind2="1">
    <subfield code="c">2002</subfield>
    <subfield code="a"> </subfield>
  </datafield>
  <datafield tag="500" ind1=" " ind2=" ">
    <subfield code="a">In: Heimatbl&#228;tter. - 82 (2002), S. 149-152 : Ill.</subfield>
    <subfield code="9">F:525</subfield>
  </datafield>
  <datafield tag="689" ind1="0" ind2="0">
    <subfield code="a">B&#246;kenf&#246;rde</subfield>
    <subfield code="x">Schloss Schwarzenraben</subfield>
    <subfield code="x">Sankt Antonius Abt</subfield>
    <subfield code="D">g</subfield>
    <subfield code="0">(DE-588)7764102-4</subfield>
    <subfield code="0">(uri) https://portal.dnb.de/opac.htm?method=simpleSearch&amp;cqlMode=true&amp;query=idn=199021252</subfield>
    <subfield code="0">(uri) http://viaf.org/viaf/sourceID/DNB|199021252</subfield>
    <subfield code="B">GND-199021252</subfield>
  </datafield>
  <datafield tag="689" ind1="0" ind2="1">
    <subfield code="a">Restaurierung</subfield>
    <subfield code="D">s</subfield>
    <subfield code="0">(DE-588)4049600-4</subfield>
    <subfield code="0">(uri) https://portal.dnb.de/opac.htm?method=simpleSearch&amp;cqlMode=true&amp;query=idn=040496007</subfield>
    <subfield code="0">(uri) http://viaf.org/viaf/sourceID/DNB|040496007</subfield>
    <subfield code="B">GND-040496007</subfield>
  </datafield>
  <datafield tag="689" ind1="0" ind2="2">
    <subfield code="a">Geschichte 2002</subfield>
    <subfield code="A">z</subfield>
  </datafield>
  <datafield tag="773" ind1="0" ind2="8">
    <subfield code="i">Enthalten in</subfield>
    <subfield code="d"> 2002</subfield>
    <subfield code="w">(DE-605)HT006991655</subfield>
  </datafield>
  <datafield tag="960" ind1="1" ind2=" ">
    <subfield code="n">NWBib-6</subfield>
  </datafield>
  <datafield tag="964" ind1="0" ind2="s">
    <subfield code="F">030</subfield>
    <subfield code="A">a|1uc||||||17</subfield>
  </datafield>
  <datafield tag="964" ind1="0" ind2="s">
    <subfield code="F">050</subfield>
    <subfield code="A">a|||||||||||||</subfield>
  </datafield>
  <datafield tag="964" ind1="0" ind2="s">
    <subfield code="F">051</subfield>
    <subfield code="A">at||||||</subfield>
  </datafield>
  <datafield tag="035" ind1=" " ind2=" ">
    <subfield code="a">(DE-599)HBZHT013925945</subfield>
  </datafield>
  <datafield tag="MBD" ind1=" " ind2=" ">
    <subfield code="M">49HBZ_NETWORK</subfield>
    <subfield code="i">990124738110206441</subfield>
    <subfield code="n">HBZ Network</subfield>
  </datafield>
  <datafield tag="MNG" ind1=" " ind2=" ">
    <subfield code="c">System</subfield>
    <subfield code="f">ILS</subfield>
    <subfield code="i">marc21</subfield>
    <subfield code="k">01</subfield>
    <subfield code="e">false</subfield>
    <subfield code="d">2021-04-08 15:22:23 Europe/Berlin</subfield>
    <subfield code="g">012473811-HBZ01</subfield>
    <subfield code="j">60</subfield>
    <subfield code="a">import</subfield>
    <subfield code="b">2021-04-06 03:09:28 Europe/Berlin</subfield>
  </datafield>
  <datafield tag="GST" ind1=" " ind2=" ">
    <subfield code="a">Kunstwerk</subfield>
    <subfield code="x">Restaurierung</subfield>
    <subfield code="A">GND</subfield>
    <subfield code="B">GND-040496007</subfield>
    <subfield code="C">450</subfield>
  </datafield>
  <datafield tag="GST" ind1=" " ind2=" ">
    <subfield code="a">Konservierung</subfield>
    <subfield code="g">Restaurierung</subfield>
    <subfield code="A">GND</subfield>
    <subfield code="B">GND-040496007</subfield>
    <subfield code="C">450</subfield>
  </datafield>
  <datafield tag="GST" ind1=" " ind2=" ">
    <subfield code="a">Restauration</subfield>
    <subfield code="g">Bestandserhaltung</subfield>
    <subfield code="A">GND</subfield>
    <subfield code="B">GND-040496007</subfield>
    <subfield code="C">450</subfield>
  </datafield>
  <datafield tag="GSI" ind1="7" ind2=" ">
    <subfield code="a">http://d-nb.info/gnd/4049600-4</subfield>
    <subfield code="2">uri</subfield>
    <subfield code="A">GND</subfield>
    <subfield code="B">GND-040496007</subfield>
    <subfield code="C">024</subfield>
  </datafield>
  <datafield tag="GSI" ind1="7" ind2=" ">
    <subfield code="a">http://d-nb.info/gnd/7764102-4</subfield>
    <subfield code="2">uri</subfield>
    <subfield code="A">GND</subfield>
    <subfield code="B">GND-199021252</subfield>
    <subfield code="C">024</subfield>
  </datafield>
  <datafield tag="GGN" ind1=" " ind2=" ">
    <subfield code="a">Bo&#776;kenfo&#776;rde</subfield>
    <subfield code="x">Kapelle Sankt Antonius Abt</subfield>
    <subfield code="A">GND</subfield>
    <subfield code="B">GND-199021252</subfield>
    <subfield code="C">451</subfield>
  </datafield>
  <datafield tag="GGN" ind1=" " ind2=" ">
    <subfield code="a">Bo&#776;kenfo&#776;rde</subfield>
    <subfield code="x">Schloss Schwarzenraben</subfield>
    <subfield code="x">Schlosskapelle</subfield>
    <subfield code="A">GND</subfield>
    <subfield code="B">GND-199021252</subfield>
    <subfield code="C">451</subfield>
  </datafield>
</record>